@article{张云华2009统计学中四分位数的计算,
	title={统计学中四分位数的计算},
	author={张云华},
	journal={中国高新技术企业},
	number={20},
	pages={173--174},
	year={2009}
}
@article{friedman2001greedy,
	title={Greedy function approximation: a gradient boosting machine},
	author={Friedman, Jerome H},
	journal={Annals of statistics},
	pages={1189--1232},
	year={2001},
	publisher={JSTOR}
}
@article{kano2000fractal,
	title={Fractal model for adsorption on activated carbon surfaces: Langmuir and Freundlich adsorption},
	author={Kano, Fumiaki and Abe, Ikuo and Kamaya, Hiroshi and Ueda, Issaku},
	journal={Surface Science},
	volume={467},
	number={1-3},
	pages={131--138},
	year={2000},
	publisher={Elsevier}
}
@article{jain2016complete,
	title={Complete guide to parameter tuning in gradient boosting (gbm) in python},
	author={Jain, Aarshay},
	journal={Analyticsvidhya. com},
	year={2016}
}
@article{xue2011极限学习机的快速留一交叉验证算法,
	title={极限学习机的快速留一交叉验证算法},
	author={Xue-Yi-a, LIU and Ping-a, LI and Chuan-Hou-c, GAO and others},
	journal={上海交通大学学报},
	volume={45},
	number={08},
	pages={1140--1145},
	year={2011}
}